<record><leader>00000cas a2200000 a 4500</leader><controlfield tag="001">11718717</controlfield><controlfield tag="008">850221d18871889ksuwr ne      0   a0eng d</controlfield><datafield ind1=" " ind2=" " tag="010"><subfield code="a">sn 85030968 </subfield></datafield><datafield ind1=" " ind2=" " tag="040"><subfield code="a">KSH</subfield><subfield code="b">eng</subfield><subfield code="c">KSH</subfield><subfield code="d">NPT</subfield><subfield code="d">OCL</subfield><subfield code="d">OCLCQ</subfield></datafield><datafield ind1=" " ind2=" " tag="042"><subfield code="a">msc</subfield></datafield><datafield ind1="0" ind2="0" tag="245"><subfield code="a">Winona messenger.</subfield></datafield><datafield ind1="1" ind2="3" tag="246"><subfield code="a">Winona weekly messenger</subfield><subfield code="f">Apr. 21, 1888-Feb. 23, 1889</subfield></datafield><datafield ind1=" " ind2=" " tag="260"><subfield code="a">Winona, Kan. :</subfield><subfield code="b">A.S. Booton,</subfield><subfield code="c">1887-1889.</subfield></datafield><datafield ind1=" " ind2=" " tag="300"><subfield code="a">2 v. :</subfield><subfield code="b">ill. ;</subfield><subfield code="c">55 cm.</subfield></datafield><datafield ind1=" " ind2=" " tag="310"><subfield code="a">Weekly</subfield></datafield><datafield ind1="0" ind2=" " tag="362"><subfield code="a">Vol. 1, no. 20 (Apr. 23, 1887)-v. 3, no. 21 (Apr. 27, 1889).</subfield></datafield><datafield ind1=" " ind2=" " tag="752"><subfield code="a">United States</subfield><subfield code="b">Kansas</subfield><subfield code="c">Logan</subfield><subfield code="d">Winona.</subfield></datafield><datafield ind1="0" ind2="0" tag="780"><subfield code="t">Scout (Gopher, Kan.)</subfield><subfield code="w">(DLC)sn 85030967</subfield></datafield><datafield ind1="0" ind2="0" tag="785"><subfield code="t">Page City messenger</subfield><subfield code="w">(DLC)sn 85030957</subfield></datafield></record>